<?xml version="1.0" encoding="UTF-8"?><collection xmlns="http://www.loc.gov/MARC21/slim"><record><leader>00358nam--2200133-i-4500</leader><controlfield tag="001">000002114</controlfield><controlfield tag="002">20161230</controlfield><controlfield tag="005">20161230201024</controlfield><controlfield tag="008">060222s1000------------r-----000-0-eng-d</controlfield><datafield ind1=" " ind2=" " tag="080"><subfield code="a">621.39</subfield></datafield><datafield ind1=" " ind2=" " tag="100"><subfield code="a">Domsch, H.Gunter</subfield></datafield><datafield ind1=" " ind2=" " tag="245"><subfield code="a">Der ubertrager der nachrichtentechnik</subfield></datafield><datafield ind1=" " ind2=" " tag="260"><subfield code="a">Leipzig, Geest &amp; Portig, 1953.Viii + 192 P. Cu Ilustr.+ 1 Tab</subfield></datafield><datafield ind1=" " ind2=" " tag="852"><subfield code="a">3672</subfield></datafield></record></collection>